@MISC{superdroidrobots,
    HOWPUBLISHED = "\url{https://www.superdroidrobots.com/shop/item.aspx/hd2-treaded-atr-tank-robot-platform/789/}",
    organization = "",
    TITLE = "HD2 robot webpage",
    MONTH = "May",
    YEAR = "2021",
    NOTE = "",
}

@MISC{Roboclaw,
    HOWPUBLISHED = "\url{https://www.basicmicro.com/RoboClaw-2x30A-Motor-Controller_p_9.html}",
    organization = "",
    TITLE = "Roboclaw webpage",
    MONTH = "",
    YEAR = "2021",
    NOTE = "",
}

@MISC{RoboclawData,
    HOWPUBLISHED = "\url{https://downloads.basicmicro.com/docs/roboclaw_datasheet_2x30A.pdf}",
    organization = "",
    TITLE = "Roboclaw datasheet",
    MONTH = "",
    YEAR = "2021",
    NOTE = "",
}

@MISC{RoboclawManual,
    HOWPUBLISHED = "\url{https://downloads.basicmicro.com/docs/roboclaw_user_manual.pdf}",
    organization = "",
    TITLE = "Roboclaw user manual",
    MONTH = "",
    YEAR = "2021",
    NOTE = "",
}

@MISC{EncMotors,
    HOWPUBLISHED = "\url{https://www.superdroidrobots.com/shop/item.aspx/ig52-04-24vdc-285-rpm-gear-motor-with-encoder/843/}",
    organization = "",
    TITLE = "Gear motors with encoders",
    MONTH = "",
    YEAR = "2021",
    NOTE = "",
}

@MISC{RegMotors,
    HOWPUBLISHED = "\url{https://www.superdroidrobots.com/shop/item.aspx/ig52-04-24vdc-285-rpm-gear-motor/871/}",
    organization = "",
    TITLE = "Gear motors without encoders",
    MONTH = "",
    YEAR = "2021",
    NOTE = "",
}

@MISC{,
    HOWPUBLISHED = "\url{}",
    organization = "",
    TITLE = "",
    MONTH = "",
    YEAR = "2021",
    NOTE = "",
}

@MISC{,
    HOWPUBLISHED = "\url{}",
    organization = "",
    TITLE = "",
    MONTH = "",
    YEAR = "2021",
    NOTE = "",
}